@inproceedings{Hewitt:1973,
 author = {Hewitt, Carl and Bishop, Peter and Steiger, Richard},
 title = {A Universal Modular ACTOR Formalism for Artificial Intelligence},
 booktitle = {Proceedings of the 3rd International Joint Conference on Artificial Intelligence},
 series = {IJCAI'73},
 year = {1973},
 location = {Stanford, USA},
 pages = {235--245},
 numpages = {11},
 url = {http://dl.acm.org/citation.cfm?id=1624775.1624804},
 acmid = {1624804},
 publisher = {Morgan Kaufmann Publishers Inc.},
 address = {San Francisco, CA, USA},
} 

@book{hoare1985communicating,
  title={Communicating sequential processes},
  author={Hoare, Charles Antony Richard and others},
  volume={178},
  year={1985},
  publisher={Prentice-hall Englewood Cliffs}
}